@Manual{R-base,
  title = {R: A Language and Environment for Statistical Computing},
  author = {{R Core Team}},
  organization = {R Foundation for Statistical Computing},
  address = {Vienna, Austria},
  year = {2013},
  url = {http://www.R-project.org/},
}
@Manual{R-brew,
  title = {brew: Templating Framework for Report Generation},
  author = {Jeffrey Horner},
  year = {2011},
  note = {R package version 1.0-6},
  url = {http://CRAN.R-project.org/package=brew},
}
@Manual{R-codetools,
  title = {codetools: Code Analysis Tools for R},
  author = {Luke Tierney},
  year = {2011},
  note = {R package version 0.2-8},
  url = {http://CRAN.R-project.org/package=codetools},
}
@Manual{R-corrplot,
  title = {corrplot: Visualization of a correlation matrix},
  author = {Taiyun Wei},
  year = {2013},
  note = {R package version 0.71},
  url = {http://CRAN.R-project.org/package=corrplot},
}
@Manual{R-evaluate,
  title = {evaluate: Parsing and evaluation tools that provide more details than the
default.},
  author = {Hadley Wickham},
  year = {2013},
  note = {R package version 0.4.7},
}
@Manual{R-filehash,
  title = {filehash: Simple key-value database},
  author = {Roger D. Peng},
  year = {2012},
  note = {R package version 2.2-1},
  url = {http://CRAN.R-project.org/package=filehash},
}
@Manual{R-formatR,
  title = {formatR: Format R Code Automatically},
  author = {Yihui Xie},
  year = {2013},
  note = {R package version 0.9},
  url = {http://yihui.name/formatR},
}
@Manual{R-highr,
  title = {highr: Syntax highlighting for R},
  author = {Yihui Xie and Yixuan Qiu},
  year = {2013},
  note = {R package version 0.2.4},
  url = {https://github.com/yihui/highr},
}
@Manual{R-Hmisc,
  title = {Hmisc: Harrell Miscellaneous},
  author = {Harrell, Jr., Frank E},
  year = {2013},
  note = {R package version 3.12-2},
  url = {http://CRAN.R-project.org/package=Hmisc},
}
@Manual{R-knitr,
  title = {knitr: A general-purpose package for dynamic report generation in R},
  author = {Yihui Xie},
  year = {2013},
  note = {R package version 1.4.7},
  url = {http://yihui.name/knitr/},
}
@Manual{R-markdown,
  title = {markdown: Markdown rendering for R},
  author = {JJ Allaire and Jeffrey Horner and Vicent Marti and Natacha Porte},
  year = {2013},
  note = {R package version 0.6.3},
  url = {https://github.com/rstudio/markdown},
}
@Manual{R-R2HTML,
  title = {R2HTML: HTML exportation for R objects},
  author = {Eric Lecoutre},
  year = {2013},
  note = {R package version 2.2.1},
  url = {http://CRAN.R-project.org/package=R2HTML},
}
@Manual{R-R2SWF,
  title = {R2SWF: Convert R Graphics to Flash Animations},
  author = {Yixuan Qiu and Yihui Xie},
  year = {2012},
  note = {R package version 0.4},
  url = {http://CRAN.R-project.org/package=R2SWF},
}
@Manual{R-Rcpp,
  title = {Rcpp: Seamless R and C++ Integration},
  author = {Dirk Eddelbuettel and Romain Francois},
  year = {2013},
  note = {R package version 0.10.4},
  url = {http://CRAN.R-project.org/package=Rcpp},
}
@Manual{R-rggobi,
  title = {rggobi: Interface between R and GGobi},
  author = {Duncan {Temple Lang} and Debby Swayne and Hadley Wickham and Michael Lawrence},
  year = {2012},
  note = {R package version 2.1.19},
  url = {http://CRAN.R-project.org/package=rggobi},
}
@Manual{R-rgl,
  title = {rgl: 3D visualization device system (OpenGL)},
  author = {Daniel Adler and Duncan Murdoch},
  year = {2013},
  note = {R package version 0.93.960},
  url = {http://CRAN.R-project.org/package=rgl},
}
@Manual{R-roxygen2,
  title = {roxygen2: In-source documentation for R},
  author = {Hadley Wickham and Peter Danenberg and Manuel Eugster},
  note = {R package version 2.2.2},
  year = {2013},
}
@Manual{R-slidify,
  title = {slidify: Generate reproducible html5 slides from R markdown},
  author = {Ramnath Vaidyanathan},
  year = {2012},
  note = {R package version 0.3.3},
  url = {http://ramnathv.github.com/slidify/},
}
@Manual{R-tikzDevice,
  title = {tikzDevice: R Graphics Output in LaTeX Format},
  author = {Charlie Sharpsteen and Cameron Bracken},
  year = {2012},
  note = {R package version 0.6.3/r49},
  url = {http://R-Forge.R-project.org/projects/tikzdevice/},
}
@Manual{R-xtable,
  title = {xtable: Export tables to LaTeX or HTML},
  author = {David B. Dahl},
  year = {2013},
  note = {R package version 1.7-1},
  url = {http://CRAN.R-project.org/package=xtable},
}
